@book{2016-Marschner-FundamentalsComputerGraphics,
  title = {Fundamentals of {{Computer Graphics}}},
  author = {Marschner, Steve and Shirley, Peter},
  year = {2016},
  edition = {4},
  publisher = {Taylor \& Francis},
  address = {London, England},
  language = {en}
}

@book{2021-Marschner-FundamentalsComputerGraphics,
  title = {Fundamentals of {{Computer Graphics}}},
  author = {Marschner, Steve and Shirley, Peter},
  year = {2021},
  edition = {5},
  publisher = {Taylor \& Francis},
  address = {London, England},
  language = {en}
}
